% HOW TO USE WITH THIS CV FORMAT
% -----------------------------
% 1. Mark items with a "keyword" that specifies the type of item they will be grouped by within the CV
% 2. Call \printbibliography in main.tex with the class ('article', 'misc', etc.) and keyword to "select" only the items you want for that group of items


% Journals
% #########################################################
@article{adastop,
    author={Mathieu, Timoth\'ee and Medeiros Centa, Matheus and Della Vecchia, Riccardo and \textbf{Kohler, Hector} and Shilova, Alena and Maillard, Maillard, Odalric-Ambrym and Preux, Philippe},
    title = {AdaStop: adaptive statistical testing for sound comparisons of Deep RL agents},
    journal = {Transactions on Machine Learning Research},
    year = {2024},
    keywords={J},
}

@article{ensta,
    author={\textbf{Kohler, Hector} and Clement, Benoit and Chaffre, Thomas and Le Chenadec, Gilles},
    title = {PID Tuning using Cross-Entropy Deep Learning: a Lyapunov Stability Analysis},
    journal = {IFAC-PapersOnLine},
    year = {2022},
    keywords={J},
}


% Conferences
% #########################################################
@inproceedings{dpdt,
    author={\textbf{Kohler, Hector} and Akrour, Riad and Preux, Philippe},
    title = {Breiman meets Bellman: Non-Greedy Decision Trees with MDPs},
    booktitle = {Proceedings of the 31st ACM SIGKDD Conference on Knowledge Discovery and Data Mining},
    year = {2025},
    keywords={C}
}

% Posters
% #########################################################
@misc{interpreter,
    title   = {Interpretable and editable programmatic tree policies for reinforcement learning},
    author  = {\textbf{Kohler, Hector} and Delfosse, Quentin, and Akrour, Riad and Kersting, Kristian and Preux, Philippe},
    howpublished={\ul{17th European Workshop on Reinforcement Learning} (Toulouse, France)},
    year    = {2024},
    keywords={P}
}
@misc{eval,
    title   = {Evaluating Interpretable Reinforcement Learning by Distilling Policies into Programs},
    author  = {\textbf{Kohler, Hector} and Delfosse, Quentin and Radji, Waris and Akrour, Riad and Preux, Philippe},
    howpublished={\ul{Workshop on Programmatic Reinforcement Learning} (Edmonton, Canada)},
    year    = {2025},
    keywords={P}
}

